%% This BibTeX bibliography file was created using BibDesk.
%% http://bibdesk.sourceforge.net/

%% Created for Hans-Georg Eßer at 2016-10-19 17:48:51 +0200 


%% Saved with string encoding Unicode (UTF-8) 



@misc{dosbox,
	Date-Added = {2016-10-19 15:47:52 +0000},
	Date-Modified = {2016-10-19 15:48:51 +0000},
	Title = {DOSBox},
	Key = {dosbox},
	Url = {http://www.dosbox.com/}}


@phdthesis{esser:diss,
  author      = {E{\ss}er, Hans-Georg},
  title       = {Design, Implementation and Evaluation of the ULIX Teaching Operating System},
  school = {FAU Erlangen-Nürnberg},
  pages       = {1054},
  year        = {2015},
  url = {https://opus4.kobv.de/opus4-fau/frontdoor/index/index/docId/6554}
}

@misc{wikipedia:autoexec,
  title = {Wikipedia-Eintrag zu "`autoexec.bat"'},
  key = {Wikipedia},
  url = {https://de.wikipedia.org/wiki/AUTOEXEC.BAT}
}

@Book{EsserFreiling:2015:ULIX,
  author =       "Hans-Georg E{\ss}er and Felix C. Freiling",
  title =        "{The Design and Implementation of the \Ulix{} Operating System}",
  year =         "2015",
  url = {http://ulixos.org/doc/ulix-book-0.13.pdf}
}

@book{pat1996freedos,
  title={FreeDOS Kernel: An MS-DOS Emulator for Platform Independence \& Embedded System Development},
  author={Pat Villani},
  isbn={9780879304362},
  series={Master OS development},
  url={http://books.google.de/books?id=1yozoAjCy7sC},
  year={1996},
  publisher={Taylor \& Francis}
}

@inproceedings{Waldspurger:1994:LSF:1267638.1267639,
 author = {Waldspurger, Carl A. and Weihl, William E.},
 title = {Lottery Scheduling: Flexible Proportional-share Resource Management},
 booktitle = {Proceedings of the 1st USENIX Conference on Operating Systems Design and Implementation},
 series = {OSDI '94},
 year = {1994},
 location = {Monterey, California},
 articleno = {1},
 url = {http://dl.acm.org/citation.cfm?id=1267638.1267639},
 acmid = {1267639},
 publisher = {USENIX Association},
 address = {Berkeley, CA, USA},
}

@inproceedings{Petrou:1999:ILS:1268708.1268709,
 author = {Petrou, David and Milford, John W. and Gibson, Garth A.},
 title = {Implementing Lottery Scheduling: Matching the Specializations in Traditional Schedulers},
 booktitle = {Proceedings of the Annual Conference on USENIX Annual Technical Conference},
 series = {ATEC '99},
 year = {1999},
 location = {Monterey, California},
 pages = {1--1},
 numpages = {1},
 url = {http://dl.acm.org/citation.cfm?id=1268708.1268709},
 acmid = {1268709},
 publisher = {USENIX Association},
 address = {Berkeley, CA, USA},
}

@misc{pietras:2009:threads-and-fork,
  author = {Pietras, Damian},
  title = {Threads and fork(): think twice before mixing them},
  year = {2009},
  url = {http://www.linuxprogrammingblog.com/threads-and-fork-think-twice-before-using-them}
}

@misc{esser-syspro2013-th-nuernberg,
  title = {{Systemprogrammierung Unix/Linux, Vorlesungsmaterialien, Technische Hochschule N{\"u}rnberg, Sommersemester 2013}},
  author = {E{\ss}er, Hans-Georg},
  year = 2013,
  note = {\url{http://ohm.hgesser.de/sp-ss2013/}}
}


@misc{solaris-threads-whitepaper:2002,
  title = {Multithreading in the Solaris Operating Environment. A Technical White Paper},
  author = {{{Sun Microsystems}}},
  year = 2002,
  url = {http://home.mit.bme.hu/~meszaros/edu/oprendszerek/segedlet/unix/2_folyamatok_es_utemezes/solaris_multithread.pdf}
}

@misc{intel-part1,
  title = "{Intel (R) 64 and IA-32 Architectures Software Developer's Manual --
     Volume 1, Basic Architecture}",
  year = {2011},
  month = {May},
  author = "Intel"
}

@misc{intel-part2c,
  title = "{Intel (R) 64 and IA-32 Architectures Software Developer's Manual --
     Volume 2C, Instruction Set Reference, V--Z}",
  year = {2016},
  month = {September},
  author = "Intel",
  note = {\\ \url{http://www.intel.com/content/dam/www/public/us/en/documents/manuals/64-ia-32-architectures-software-developer-vol-2c-manual.pdf}}
}



@misc{intel8086,
  title = "{Intel (R) 8086. 16-Bit HMOS Microprocessor 8086/8086-2/8086-1}",
  year = {1990},
  month = {September},
  author = "Intel",
  note = {Document Number: 231455-005},
  url = {http://datasheets.chipdb.org/Intel/x86/808x/datashts/8086/231455-005.pdf}
}

@misc{bash-mehner2014,
  title = "{Bash Style Guide und Kodierungsrichtlinie}",
  author = {Fritz Mehner},
  note = {FH S\"udwestfalen},
  year = 2014
}

@book{esser:gdbs,
  title = "{Grundlagen der Betriebssysteme (Lehrbrief)}",
  author = {E{\ss}er, Hans-Georg},
  publisher = {Fachhochschule S{\"u}dwestfalen},
  year = 2017
}

@misc{akesson:tty-demystified,
  title = "{The TTY demystified}",
  author = {{\AA}kesson, Linus},
  year = 2008,
  url = {http://www.linusakesson.net/programming/tty/},
}

@misc{karakas:daemon,
  title = "{Unix Daemon Server Programming}",
  author = {Karakas, Levent},
  year = 2001,
  url = {http://www.enderunix.org/docs/eng/daemon.php}
}

@misc{codingfreak:daemon,
  title = "{Daemon-izing a Process in Linux}",
  author = {Codingfreak},
  year = 2012,
  url = {http://codingfreak.blogspot.com/2012/03/daemon-izing-process-in-linux.html}
}

